%YAML 1.1
%TAG !u! tag:unity3d.com,2011:
--- !u!1 &939335178
GameObject:
  m_ObjectHideFlags: 0
  m_CorrespondingSourceObject: {fileID: 0}
  m_PrefabInstance: {fileID: 0}
  m_PrefabAsset: {fileID: 0}
  serializedVersion: 6
  m_Component:
  - component: {fileID: 939335179}
  - component: {fileID: 9127183026269968105}
  - component: {fileID: 9072955328021902207}
  - component: {fileID: 2214387303573800878}
  - component: {fileID: 8334143360591091672}
  - component: {fileID: 1344555273444871255}
  - component: {fileID: 4185454074037923254}
  - component: {fileID: 4320302953743689376}
  - component: {fileID: 7473715195023658618}
  - component: {fileID: 8471030399820639303}
  - component: {fileID: -3091379037698972781}
  m_Layer: 8
  m_Name: LaserTurret
  m_TagString: Untagged
  m_Icon: {fileID: 0}
  m_NavMeshLayer: 0
  m_StaticEditorFlags: 0
  m_IsActive: 1
--- !u!4 &939335179
Transform:
  m_ObjectHideFlags: 0
  m_CorrespondingSourceObject: {fileID: 0}
  m_PrefabInstance: {fileID: 0}
  m_PrefabAsset: {fileID: 0}
  m_GameObject: {fileID: 939335178}
  m_LocalRotation: {x: 0, y: 0, z: 0, w: 1}
  m_LocalPosition: {x: 0, y: 0, z: 0}
  m_LocalScale: {x: 0.75, y: 0.75, z: 0.75}
  m_Children:
  - {fileID: 952783353}
  - {fileID: 1808467619}
  - {fileID: 5132452712864151825}
  m_Father: {fileID: 0}
  m_RootOrder: 0
  m_LocalEulerAnglesHint: {x: 0, y: 0, z: 0}
--- !u!95 &9127183026269968105
Animator:
  serializedVersion: 3
  m_ObjectHideFlags: 0
  m_CorrespondingSourceObject: {fileID: 0}
  m_PrefabInstance: {fileID: 0}
  m_PrefabAsset: {fileID: 0}
  m_GameObject: {fileID: 939335178}
  m_Enabled: 1
  m_Avatar: {fileID: 0}
  m_Controller: {fileID: 9100000, guid: 39980c2e9132d6844842cc5dc7ff682c, type: 2}
  m_CullingMode: 0
  m_UpdateMode: 0
  m_ApplyRootMotion: 1
  m_LinearVelocityBlending: 0
  m_WarningMessage: 
  m_HasTransformHierarchy: 1
  m_AllowConstantClipSamplingOptimization: 1
  m_KeepAnimatorControllerStateOnDisable: 0
--- !u!54 &9072955328021902207
Rigidbody:
  m_ObjectHideFlags: 0
  m_CorrespondingSourceObject: {fileID: 0}
  m_PrefabInstance: {fileID: 0}
  m_PrefabAsset: {fileID: 0}
  m_GameObject: {fileID: 939335178}
  serializedVersion: 2
  m_Mass: 1
  m_Drag: 0
  m_AngularDrag: 0.05
  m_UseGravity: 0
  m_IsKinematic: 1
  m_Interpolate: 0
  m_Constraints: 0
  m_CollisionDetection: 0
--- !u!114 &2214387303573800878
MonoBehaviour:
  m_ObjectHideFlags: 0
  m_CorrespondingSourceObject: {fileID: 0}
  m_PrefabInstance: {fileID: 0}
  m_PrefabAsset: {fileID: 0}
  m_GameObject: {fileID: 939335178}
  m_Enabled: 1
  m_EditorHideFlags: 0
  m_Script: {fileID: 11500000, guid: 8d7b55c7ecdb49a4a89fa5e6f9022861, type: 3}
  m_Name: 
  m_EditorClassIdentifier: 
  startWhenEnabled: 1
  asynchronousLoad: 0
  pauseWhenDisabled: 0
  restartWhenComplete: 1
  logTaskChanges: 0
  group: 0
  resetValuesOnRestart: 0
  externalBehavior: {fileID: 0}
  mBehaviorSource:
    behaviorName: Behavior
    behaviorDescription: 
    mTaskData:
      types:
      - BehaviorDesigner.Runtime.Tasks.EntryTask
      - BehaviorDesigner.Runtime.Tasks.Sequence
      - CheckEmptyTurret_Action
      - BehaviorDesigner.Runtime.Tasks.Selector
      - BehaviorDesigner.Runtime.Tasks.Sequence
      - CanSeeEnemy_Turret
      - AttackEnemyTurret_Action
      - IdleTurret_Action
      parentIndex: ffffffff00000000010000000100000003000000040000000400000003000000
      startIndex: 030000000d0000001900000025000000310000003d0000004c00000068000000
      variableStartIndex: 00000000
      JSONSerialization: 
      fieldSerializationData:
        typeName: []
        fieldNameHash: f9be55564aaa52567707a1042944782b951203e811c37978c4a37522ae07a096e44d14616fd219c3a5f3b63149269a1caac4f9012944782b951203e811c37978c4a37522ae07a096e44d14616fd219c3a5f3b63149269a1caac4f9018690b4b290adcd7b2944782b951203e811c37978c4a37522ae07a096e44d14616fd219c3a5f3b63149269a1caac4f901890237b21cac5a492944782b951203e811c37978c4a37522ae07a096e44d14616fd219c3a5f3b63149269a1caac4f9018690b4b290adcd7b2944782b951203e811c37978c4a37522ae07a096e44d14616fd219c3a5f3b63149269a1caac4f9018690b4b290adcd7b2944782b951203e811c37978c4a37522ae07a096e44d14616fd219c3a5f3b63149269a1caac4f9015e24d8e035a9acd02e6802277f53ff26acb04dd52944782b951203e811c37978c4a37522ae07a096e44d14616fd219c3a5f3b63149269a1caac4f901a8973925a1568f7bf2418c7b1f9fda291cac5a49121d1b8c0bdc70e25cc76de22c100160b771f92eb0304f85011c4c85a7565c57890237b28d31466386f09bb9d7db98b9a7242c372944782b951203e811c37978c4a37522ae07a096e44d14616fd219c3a5f3b63149269a1caac4f9013a4978a23308cef884f3caf8543c5e7668d746a661969cfcb28199fc82ca2c7a121d1b8c0bdc70e25cc76de22c100160ef523aaee811900439fd8c04094620821de108b216a05e08678b5b0837d4ee8594acabcd8d6b0124de56fe23b7653842890237b2
        startIndex: 000000000100000002000000030000000400000005000000060000000700000008000000090000000a0000000b0000000c0000000d0000000e0000000f00000010000000110000001200000013000000140000001500000016000000170000001700000018000000190000001a0000001b0000001c0000001d0000001e0000001f000000200000002100000022000000230000002400000025000000260000002700000028000000290000002a0000002b0000002c0000002d0000002e0000002e0000002f00000030000000310000003200000033000000340000003500000036000000370000003800000039000000390000003a0000003b0000003c0000003d0000003e0000003f00000040000000410000004200000043000000440000004500000045000000460000004700000048000000490000004a0000004b0000004c0000004d0000004e0000004f000000500000005100000052000000520000005300000054000000550000005600000056000000570000005800000059000000590000005a0000005b0000005c0000005d0000005d0000005e0000005f000000600000006100000062000000630000006400000065000000660000006700000068000000690000006a0000006a0000006b0000006c0000006d0000006d0000006e0000006f00000070000000700000007100000072000000730000007300000074000000750000007600000076000000770000007800000079000000790000007a0000007b0000007c000000
        dataPosition: 00000000280000002e0000002f0000003300000038000000390000003a00000042000000420000004300000044000000480000004c0000005000000058000000590000005a00000062000000620000006300000064000000680000006c00000070000000740000008f000000900000009100000099000000990000009a0000009b0000009f000000a3000000a7000000ab000000af000000b7000000b8000000b9000000c1000000c1000000c2000000c3000000c7000000cb000000cf000000d3000000db000000dc000000dd000000e5000000e5000000e6000000e7000000eb000000ef000000f3000000f70000000d0100000e0100000f010000170100001701000018010000190100001d01000021010000250100004d0100005301000054010000580100007401000075010000760100007e0100007e0100007f010000800100008401000088010000b0010000b6010000b7010000bb010000df010000df010000e30100000b0200000b0200000f0200001302000037020000370200003b0200003f0200005302000054020000550200005d0200005d0200005e0200005f02000063020000670200008b0200008b0200008f020000b3020000b3020000b7020000db020000db020000df0200000303000003030000070300002b0300002b0300002f03000058030000580300005c030000
        unityObjects:
        - {fileID: 4185454074037923254}
        - {fileID: 9127183026269968105}
        - {fileID: 6876397756029242249}
        - {fileID: 9127183026269968105}
        - {fileID: 952783353}
        - {fileID: 4185454074037923254}
        - {fileID: 952783352}
        - {fileID: 4185454074037923254}
        byteData: 4265686176696f7244657369676e65722e52756e74696d652e5368617265645472616e73666f726d5461726765740100000000456e747279010050d64e43e0191e41000000000000000000000100000053657175656e63650100b00507412aa0e442000000000000000000000000000002000000436865636b20456d70747920547572726574202020416374696f6e010040681bc3a45611430000000000000000000000000000010000000300000053656c6563746f72010038b193411aa4074300000000000000000000000000000400000053657175656e636501000afeacc29ee10b4300000000000000000000030000000500000043616e2053656520456e656d792020205475727265740100053071c20cf5fa4200000000000000000000020000004265686176696f7244657369676e65722e52756e74696d652e5368617265645472616e73666f726d546172676574010600000041747461636b20456e656d7920547572726574202020416374696f6e010028b50f4310f5fa42000000000000000000004265686176696f7244657369676e65722e52756e74696d652e5368617265645472616e73666f726d54617267657401030000004265686176696f7244657369676e65722e52756e74696d652e536861726564466c6f61740000c8424265686176696f7244657369676e65722e52756e74696d652e5368617265645472616e73666f726d04000000050000004265686176696f7244657369676e65722e52756e74696d652e536861726564466c6f6174cdcccc3d0700000049646c6520547572726574202020416374696f6e010000005c430000dc42000000000000000000004265686176696f7244657369676e65722e52756e74696d652e536861726564466c6f6174000070424265686176696f7244657369676e65722e52756e74696d652e536861726564466c6f6174000016434265686176696f7244657369676e65722e52756e74696d652e536861726564466c6f6174000048434265686176696f7244657369676e65722e52756e74696d652e536861726564466c6f61740000803e4265686176696f7244657369676e65722e52756e74696d652e536861726564466c6f61740000403f4265686176696f7244657369676e65722e52756e74696d652e53686172656447616d654f626a6563740600000007000000
        byteDataArray: 4265686176696f7244657369676e65722e52756e74696d652e5368617265645472616e73666f726d5461726765740100000000456e747279010050d64e43e0191e41000000000000000000000100000053657175656e63650100b00507412aa0e442000000000000000000000000000002000000436865636b20456d70747920547572726574202020416374696f6e010040681bc3a45611430000000000000000000000000000010000000300000053656c6563746f72010038b193411aa4074300000000000000000000000000000400000053657175656e636501000afeacc29ee10b4300000000000000000000030000000500000043616e2053656520456e656d792020205475727265740100053071c20cf5fa4200000000000000000000020000004265686176696f7244657369676e65722e52756e74696d652e5368617265645472616e73666f726d546172676574010600000041747461636b20456e656d7920547572726574202020416374696f6e010028b50f4310f5fa42000000000000000000004265686176696f7244657369676e65722e52756e74696d652e5368617265645472616e73666f726d54617267657401030000004265686176696f7244657369676e65722e52756e74696d652e536861726564466c6f61740000c8424265686176696f7244657369676e65722e52756e74696d652e5368617265645472616e73666f726d04000000050000004265686176696f7244657369676e65722e52756e74696d652e536861726564466c6f6174cdcccc3d0700000049646c6520547572726574202020416374696f6e010000005c430000dc42000000000000000000004265686176696f7244657369676e65722e52756e74696d652e536861726564466c6f6174000070424265686176696f7244657369676e65722e52756e74696d652e536861726564466c6f6174000016434265686176696f7244657369676e65722e52756e74696d652e536861726564466c6f6174000048434265686176696f7244657369676e65722e52756e74696d652e536861726564466c6f61740000803e4265686176696f7244657369676e65722e52756e74696d652e536861726564466c6f61740000403f4265686176696f7244657369676e65722e52756e74696d652e53686172656447616d654f626a6563740600000007000000
      Version: 1.6.4
  gizmoViewMode: 2
  showBehaviorDesignerGizmo: 1
--- !u!114 &8334143360591091672
MonoBehaviour:
  m_ObjectHideFlags: 0
  m_CorrespondingSourceObject: {fileID: 0}
  m_PrefabInstance: {fileID: 0}
  m_PrefabAsset: {fileID: 0}
  m_GameObject: {fileID: 939335178}
  m_Enabled: 1
  m_EditorHideFlags: 0
  m_Script: {fileID: 11500000, guid: d9d822b2e72f6da43b30076a62116a00, type: 3}
  m_Name: 
  m_EditorClassIdentifier: 
  collidersToAvoid:
  - {fileID: 1344555273444871255}
--- !u!65 &1344555273444871255
BoxCollider:
  m_ObjectHideFlags: 0
  m_CorrespondingSourceObject: {fileID: 0}
  m_PrefabInstance: {fileID: 0}
  m_PrefabAsset: {fileID: 0}
  m_GameObject: {fileID: 939335178}
  m_Material: {fileID: 0}
  m_IsTrigger: 1
  m_Enabled: 1
  serializedVersion: 2
  m_Size: {x: 3.9681396, y: 1.7519287, z: 3.928561}
  m_Center: {x: 0.019790014, y: 0.7717155, z: 0.0000006357829}
--- !u!114 &4185454074037923254
MonoBehaviour:
  m_ObjectHideFlags: 0
  m_CorrespondingSourceObject: {fileID: 0}
  m_PrefabInstance: {fileID: 0}
  m_PrefabAsset: {fileID: 0}
  m_GameObject: {fileID: 939335178}
  m_Enabled: 1
  m_EditorHideFlags: 0
  m_Script: {fileID: 11500000, guid: d6dfc2ad75c7d1d4a8c149e91fd3c91f, type: 3}
  m_Name: 
  m_EditorClassIdentifier: 
  weaponInfo: {fileID: 11400000, guid: ef21028f100c27642bf2dc83e93e79ec, type: 2}
  laserParticles: {fileID: 1064834680454771868}
  ammoSlider: {fileID: 6994516437675157135}
  fire: {fileID: 4223672298328841547}
--- !u!114 &4320302953743689376
MonoBehaviour:
  m_ObjectHideFlags: 0
  m_CorrespondingSourceObject: {fileID: 0}
  m_PrefabInstance: {fileID: 0}
  m_PrefabAsset: {fileID: 0}
  m_GameObject: {fileID: 939335178}
  m_Enabled: 1
  m_EditorHideFlags: 0
  m_Script: {fileID: 11500000, guid: 99473c148d354b34093aebbfe2493880, type: 3}
  m_Name: 
  m_EditorClassIdentifier: 
  refillableRate: 10
  energyType: 1
  refillEveryTotSec: 0.05
--- !u!120 &7473715195023658618
LineRenderer:
  m_ObjectHideFlags: 0
  m_CorrespondingSourceObject: {fileID: 0}
  m_PrefabInstance: {fileID: 0}
  m_PrefabAsset: {fileID: 0}
  m_GameObject: {fileID: 939335178}
  m_Enabled: 1
  m_CastShadows: 1
  m_ReceiveShadows: 1
  m_DynamicOccludee: 1
  m_MotionVectors: 0
  m_LightProbeUsage: 0
  m_ReflectionProbeUsage: 0
  m_RenderingLayerMask: 1
  m_RendererPriority: 0
  m_Materials:
  - {fileID: 2100000, guid: 668160a088b6309438239b0a83043c8f, type: 2}
  m_StaticBatchInfo:
    firstSubMesh: 0
    subMeshCount: 0
  m_StaticBatchRoot: {fileID: 0}
  m_ProbeAnchor: {fileID: 0}
  m_LightProbeVolumeOverride: {fileID: 0}
  m_ScaleInLightmap: 1
  m_ReceiveGI: 1
  m_PreserveUVs: 0
  m_IgnoreNormalsForChartDetection: 0
  m_ImportantGI: 0
  m_StitchLightmapSeams: 1
  m_SelectedEditorRenderState: 3
  m_MinimumChartSize: 4
  m_AutoUVMaxDistance: 0.5
  m_AutoUVMaxAngle: 89
  m_LightmapParameters: {fileID: 0}
  m_SortingLayerID: 0
  m_SortingLayer: 0
  m_SortingOrder: 0
  m_Positions:
  - {x: 0, y: 0, z: 0}
  - {x: 0, y: 0, z: 1}
  m_Parameters:
    serializedVersion: 3
    widthMultiplier: 1
    widthCurve:
      serializedVersion: 2
      m_Curve:
      - serializedVersion: 3
        time: 0
        value: 0.18309975
        inSlope: 0
        outSlope: 0
        tangentMode: 0
        weightedMode: 0
        inWeight: 0.33333334
        outWeight: 0.33333334
      m_PreInfinity: 2
      m_PostInfinity: 2
      m_RotationOrder: 4
    colorGradient:
      serializedVersion: 2
      key0: {r: 0.027767897, g: 0.8560204, b: 0.9811321, a: 1}
      key1: {r: 0.23362409, g: 0.5166121, b: 0.990566, a: 1}
      key2: {r: 0, g: 0, b: 0, a: 0}
      key3: {r: 0, g: 0, b: 0, a: 0}
      key4: {r: 0, g: 0, b: 0, a: 0}
      key5: {r: 0, g: 0, b: 0, a: 0}
      key6: {r: 0, g: 0, b: 0, a: 0}
      key7: {r: 0, g: 0, b: 0, a: 0}
      ctime0: 0
      ctime1: 65535
      ctime2: 0
      ctime3: 0
      ctime4: 0
      ctime5: 0
      ctime6: 0
      ctime7: 0
      atime0: 0
      atime1: 65535
      atime2: 0
      atime3: 0
      atime4: 0
      atime5: 0
      atime6: 0
      atime7: 0
      m_Mode: 0
      m_NumColorKeys: 2
      m_NumAlphaKeys: 2
    numCornerVertices: 0
    numCapVertices: 0
    alignment: 0
    textureMode: 0
    shadowBias: 0.5
    generateLightingData: 0
  m_UseWorldSpace: 0
  m_Loop: 0
--- !u!114 &8471030399820639303
MonoBehaviour:
  m_ObjectHideFlags: 0
  m_CorrespondingSourceObject: {fileID: 0}
  m_PrefabInstance: {fileID: 0}
  m_PrefabAsset: {fileID: 0}
  m_GameObject: {fileID: 939335178}
  m_Enabled: 1
  m_EditorHideFlags: 0
  m_Script: {fileID: 11500000, guid: 0ec740d3e1b34ff428c0afb6f2487f3d, type: 3}
  m_Name: 
  m_EditorClassIdentifier: 
--- !u!82 &-3091379037698972781
AudioSource:
  m_ObjectHideFlags: 0
  m_CorrespondingSourceObject: {fileID: 0}
  m_PrefabInstance: {fileID: 0}
  m_PrefabAsset: {fileID: 0}
  m_GameObject: {fileID: 939335178}
  m_Enabled: 1
  serializedVersion: 4
  OutputAudioMixerGroup: {fileID: 0}
  m_audioClip: {fileID: 8300000, guid: c5a7e97c15e83384082adc114b42634d, type: 3}
  m_PlayOnAwake: 0
  m_Volume: 0.2
  m_Pitch: 1
  Loop: 1
  Mute: 0
  Spatialize: 0
  SpatializePostEffects: 0
  Priority: 128
  DopplerLevel: 1
  MinDistance: 1
  MaxDistance: 500
  Pan2D: 0
  rolloffMode: 0
  BypassEffects: 0
  BypassListenerEffects: 0
  BypassReverbZones: 0
  rolloffCustomCurve:
    serializedVersion: 2
    m_Curve:
    - serializedVersion: 3
      time: 0
      value: 1
      inSlope: 0
      outSlope: 0
      tangentMode: 0
      weightedMode: 0
      inWeight: 0.33333334
      outWeight: 0.33333334
    - serializedVersion: 3
      time: 1
      value: 0
      inSlope: 0
      outSlope: 0
      tangentMode: 0
      weightedMode: 0
      inWeight: 0.33333334
      outWeight: 0.33333334
    m_PreInfinity: 2
    m_PostInfinity: 2
    m_RotationOrder: 4
  panLevelCustomCurve:
    serializedVersion: 2
    m_Curve:
    - serializedVersion: 3
      time: 0
      value: 0
      inSlope: 0
      outSlope: 0
      tangentMode: 0
      weightedMode: 0
      inWeight: 0.33333334
      outWeight: 0.33333334
    m_PreInfinity: 2
    m_PostInfinity: 2
    m_RotationOrder: 4
  spreadCustomCurve:
    serializedVersion: 2
    m_Curve:
    - serializedVersion: 3
      time: 0
      value: 0
      inSlope: 0
      outSlope: 0
      tangentMode: 0
      weightedMode: 0
      inWeight: 0.33333334
      outWeight: 0.33333334
    m_PreInfinity: 2
    m_PostInfinity: 2
    m_RotationOrder: 4
  reverbZoneMixCustomCurve:
    serializedVersion: 2
    m_Curve:
    - serializedVersion: 3
      time: 0
      value: 1
      inSlope: 0
      outSlope: 0
      tangentMode: 0
      weightedMode: 0
      inWeight: 0.33333334
      outWeight: 0.33333334
    m_PreInfinity: 2
    m_PostInfinity: 2
    m_RotationOrder: 4
--- !u!1 &952783352
GameObject:
  m_ObjectHideFlags: 0
  m_CorrespondingSourceObject: {fileID: 0}
  m_PrefabInstance: {fileID: 0}
  m_PrefabAsset: {fileID: 0}
  serializedVersion: 6
  m_Component:
  - component: {fileID: 952783353}
  - component: {fileID: 952783355}
  - component: {fileID: 952783354}
  m_Layer: 8
  m_Name: Turret_Top
  m_TagString: Untagged
  m_Icon: {fileID: 0}
  m_NavMeshLayer: 0
  m_StaticEditorFlags: 0
  m_IsActive: 1
--- !u!4 &952783353
Transform:
  m_ObjectHideFlags: 0
  m_CorrespondingSourceObject: {fileID: 0}
  m_PrefabInstance: {fileID: 0}
  m_PrefabAsset: {fileID: 0}
  m_GameObject: {fileID: 952783352}
  m_LocalRotation: {x: -0, y: -0, z: -0, w: 1}
  m_LocalPosition: {x: 0, y: 0.87000006, z: 0}
  m_LocalScale: {x: 1, y: 1, z: 1}
  m_Children:
  - {fileID: 4223672298328841547}
  - {fileID: 2950006763420437867}
  m_Father: {fileID: 939335179}
  m_RootOrder: 0
  m_LocalEulerAnglesHint: {x: 0, y: 0, z: 0}
--- !u!33 &952783355
MeshFilter:
  m_ObjectHideFlags: 0
  m_CorrespondingSourceObject: {fileID: 0}
  m_PrefabInstance: {fileID: 0}
  m_PrefabAsset: {fileID: 0}
  m_GameObject: {fileID: 952783352}
  m_Mesh: {fileID: 4300000, guid: 45dced71007592c41bcdd3a43ba7644d, type: 3}
--- !u!23 &952783354
MeshRenderer:
  m_ObjectHideFlags: 0
  m_CorrespondingSourceObject: {fileID: 0}
  m_PrefabInstance: {fileID: 0}
  m_PrefabAsset: {fileID: 0}
  m_GameObject: {fileID: 952783352}
  m_Enabled: 1
  m_CastShadows: 1
  m_ReceiveShadows: 1
  m_DynamicOccludee: 1
  m_MotionVectors: 1
  m_LightProbeUsage: 1
  m_ReflectionProbeUsage: 1
  m_RenderingLayerMask: 1
  m_RendererPriority: 0
  m_Materials:
  - {fileID: 2100000, guid: 92654fd39451c91489e0111c98edf460, type: 2}
  m_StaticBatchInfo:
    firstSubMesh: 0
    subMeshCount: 0
  m_StaticBatchRoot: {fileID: 0}
  m_ProbeAnchor: {fileID: 0}
  m_LightProbeVolumeOverride: {fileID: 0}
  m_ScaleInLightmap: 1
  m_ReceiveGI: 1
  m_PreserveUVs: 0
  m_IgnoreNormalsForChartDetection: 0
  m_ImportantGI: 0
  m_StitchLightmapSeams: 0
  m_SelectedEditorRenderState: 3
  m_MinimumChartSize: 4
  m_AutoUVMaxDistance: 0.5
  m_AutoUVMaxAngle: 89
  m_LightmapParameters: {fileID: 0}
  m_SortingLayerID: 0
  m_SortingLayer: 0
  m_SortingOrder: 0
--- !u!1 &1808467618
GameObject:
  m_ObjectHideFlags: 0
  m_CorrespondingSourceObject: {fileID: 0}
  m_PrefabInstance: {fileID: 0}
  m_PrefabAsset: {fileID: 0}
  serializedVersion: 6
  m_Component:
  - component: {fileID: 1808467619}
  - component: {fileID: 1808467621}
  - component: {fileID: 1808467620}
  m_Layer: 8
  m_Name: Turret_Base
  m_TagString: Untagged
  m_Icon: {fileID: 0}
  m_NavMeshLayer: 0
  m_StaticEditorFlags: 0
  m_IsActive: 1
--- !u!4 &1808467619
Transform:
  m_ObjectHideFlags: 0
  m_CorrespondingSourceObject: {fileID: 0}
  m_PrefabInstance: {fileID: 0}
  m_PrefabAsset: {fileID: 0}
  m_GameObject: {fileID: 1808467618}
  m_LocalRotation: {x: -0, y: -0, z: -0, w: 1}
  m_LocalPosition: {x: 0, y: 0, z: 0}
  m_LocalScale: {x: 1, y: 1, z: 1}
  m_Children: []
  m_Father: {fileID: 939335179}
  m_RootOrder: 1
  m_LocalEulerAnglesHint: {x: 0, y: 0, z: 0}
--- !u!33 &1808467621
MeshFilter:
  m_ObjectHideFlags: 0
  m_CorrespondingSourceObject: {fileID: 0}
  m_PrefabInstance: {fileID: 0}
  m_PrefabAsset: {fileID: 0}
  m_GameObject: {fileID: 1808467618}
  m_Mesh: {fileID: 4300000, guid: c8507fecf542c8c409e60220a3f0283a, type: 3}
--- !u!23 &1808467620
MeshRenderer:
  m_ObjectHideFlags: 0
  m_CorrespondingSourceObject: {fileID: 0}
  m_PrefabInstance: {fileID: 0}
  m_PrefabAsset: {fileID: 0}
  m_GameObject: {fileID: 1808467618}
  m_Enabled: 1
  m_CastShadows: 1
  m_ReceiveShadows: 1
  m_DynamicOccludee: 1
  m_MotionVectors: 1
  m_LightProbeUsage: 1
  m_ReflectionProbeUsage: 1
  m_RenderingLayerMask: 1
  m_RendererPriority: 0
  m_Materials:
  - {fileID: 2100000, guid: 92654fd39451c91489e0111c98edf460, type: 2}
  m_StaticBatchInfo:
    firstSubMesh: 0
    subMeshCount: 0
  m_StaticBatchRoot: {fileID: 0}
  m_ProbeAnchor: {fileID: 0}
  m_LightProbeVolumeOverride: {fileID: 0}
  m_ScaleInLightmap: 1
  m_ReceiveGI: 1
  m_PreserveUVs: 0
  m_IgnoreNormalsForChartDetection: 0
  m_ImportantGI: 0
  m_StitchLightmapSeams: 0
  m_SelectedEditorRenderState: 3
  m_MinimumChartSize: 4
  m_AutoUVMaxDistance: 0.5
  m_AutoUVMaxAngle: 89
  m_LightmapParameters: {fileID: 0}
  m_SortingLayerID: 0
  m_SortingLayer: 0
  m_SortingOrder: 0
--- !u!1 &186303390521052827
GameObject:
  m_ObjectHideFlags: 0
  m_CorrespondingSourceObject: {fileID: 0}
  m_PrefabInstance: {fileID: 0}
  m_PrefabAsset: {fileID: 0}
  serializedVersion: 6
  m_Component:
  - component: {fileID: 4223672298328841547}
  m_Layer: 8
  m_Name: Fire
  m_TagString: Untagged
  m_Icon: {fileID: 0}
  m_NavMeshLayer: 0
  m_StaticEditorFlags: 0
  m_IsActive: 1
--- !u!4 &4223672298328841547
Transform:
  m_ObjectHideFlags: 0
  m_CorrespondingSourceObject: {fileID: 0}
  m_PrefabInstance: {fileID: 0}
  m_PrefabAsset: {fileID: 0}
  m_GameObject: {fileID: 186303390521052827}
  m_LocalRotation: {x: 0, y: 0, z: 0, w: 1}
  m_LocalPosition: {x: 0, y: 0.34, z: 1.36}
  m_LocalScale: {x: 1, y: 1, z: 1}
  m_Children:
  - {fileID: 1064834680454771869}
  m_Father: {fileID: 952783353}
  m_RootOrder: 0
  m_LocalEulerAnglesHint: {x: 0, y: 0, z: 0}
--- !u!1 &1948843253882180554
GameObject:
  m_ObjectHideFlags: 0
  m_CorrespondingSourceObject: {fileID: 0}
  m_PrefabInstance: {fileID: 0}
  m_PrefabAsset: {fileID: 0}
  serializedVersion: 6
  m_Component:
  - component: {fileID: 5158879506643687033}
  - component: {fileID: 6211358559952779964}
  - component: {fileID: 9016809945174887644}
  m_Layer: 8
  m_Name: Handle
  m_TagString: Untagged
  m_Icon: {fileID: 0}
  m_NavMeshLayer: 0
  m_StaticEditorFlags: 0
  m_IsActive: 1
--- !u!224 &5158879506643687033
RectTransform:
  m_ObjectHideFlags: 0
  m_CorrespondingSourceObject: {fileID: 0}
  m_PrefabInstance: {fileID: 0}
  m_PrefabAsset: {fileID: 0}
  m_GameObject: {fileID: 1948843253882180554}
  m_LocalRotation: {x: -0, y: -0, z: -0, w: 1}
  m_LocalPosition: {x: 0, y: 0, z: 0}
  m_LocalScale: {x: 1, y: 1, z: 1}
  m_Children: []
  m_Father: {fileID: 7777789391827848912}
  m_RootOrder: 0
  m_LocalEulerAnglesHint: {x: 0, y: 0, z: 0}
  m_AnchorMin: {x: 0, y: 0}
  m_AnchorMax: {x: 0, y: 0}
  m_AnchoredPosition: {x: 0, y: 0}
  m_SizeDelta: {x: 0, y: 0}
  m_Pivot: {x: 0.5, y: 0.5}
--- !u!222 &6211358559952779964
CanvasRenderer:
  m_ObjectHideFlags: 0
  m_CorrespondingSourceObject: {fileID: 0}
  m_PrefabInstance: {fileID: 0}
  m_PrefabAsset: {fileID: 0}
  m_GameObject: {fileID: 1948843253882180554}
  m_CullTransparentMesh: 0
--- !u!114 &9016809945174887644
MonoBehaviour:
  m_ObjectHideFlags: 0
  m_CorrespondingSourceObject: {fileID: 0}
  m_PrefabInstance: {fileID: 0}
  m_PrefabAsset: {fileID: 0}
  m_GameObject: {fileID: 1948843253882180554}
  m_Enabled: 1
  m_EditorHideFlags: 0
  m_Script: {fileID: 11500000, guid: fe87c0e1cc204ed48ad3b37840f39efc, type: 3}
  m_Name: 
  m_EditorClassIdentifier: 
  m_Material: {fileID: 0}
  m_Color: {r: 1, g: 1, b: 1, a: 1}
  m_RaycastTarget: 1
  m_OnCullStateChanged:
    m_PersistentCalls:
      m_Calls: []
  m_Sprite: {fileID: 10913, guid: 0000000000000000f000000000000000, type: 0}
  m_Type: 0
  m_PreserveAspect: 0
  m_FillCenter: 1
  m_FillMethod: 4
  m_FillAmount: 1
  m_FillClockwise: 1
  m_FillOrigin: 0
  m_UseSpriteMesh: 0
  m_PixelsPerUnitMultiplier: 1
--- !u!1 &2203087706010826956
GameObject:
  m_ObjectHideFlags: 0
  m_CorrespondingSourceObject: {fileID: 0}
  m_PrefabInstance: {fileID: 0}
  m_PrefabAsset: {fileID: 0}
  serializedVersion: 6
  m_Component:
  - component: {fileID: 6750677735682484312}
  - component: {fileID: 4999285306244292423}
  - component: {fileID: 991638525604709620}
  m_Layer: 8
  m_Name: Fill
  m_TagString: Untagged
  m_Icon: {fileID: 0}
  m_NavMeshLayer: 0
  m_StaticEditorFlags: 0
  m_IsActive: 1
--- !u!224 &6750677735682484312
RectTransform:
  m_ObjectHideFlags: 0
  m_CorrespondingSourceObject: {fileID: 0}
  m_PrefabInstance: {fileID: 0}
  m_PrefabAsset: {fileID: 0}
  m_GameObject: {fileID: 2203087706010826956}
  m_LocalRotation: {x: -0, y: -0, z: -0, w: 1}
  m_LocalPosition: {x: 0, y: 0, z: 0}
  m_LocalScale: {x: 1, y: 1, z: 1}
  m_Children: []
  m_Father: {fileID: 1457639490105668245}
  m_RootOrder: 0
  m_LocalEulerAnglesHint: {x: 0, y: 0, z: 0}
  m_AnchorMin: {x: 0, y: 0}
  m_AnchorMax: {x: 0, y: 0}
  m_AnchoredPosition: {x: 0, y: 0}
  m_SizeDelta: {x: 0, y: 0}
  m_Pivot: {x: 0.5, y: 0.5}
--- !u!222 &4999285306244292423
CanvasRenderer:
  m_ObjectHideFlags: 0
  m_CorrespondingSourceObject: {fileID: 0}
  m_PrefabInstance: {fileID: 0}
  m_PrefabAsset: {fileID: 0}
  m_GameObject: {fileID: 2203087706010826956}
  m_CullTransparentMesh: 0
--- !u!114 &991638525604709620
MonoBehaviour:
  m_ObjectHideFlags: 0
  m_CorrespondingSourceObject: {fileID: 0}
  m_PrefabInstance: {fileID: 0}
  m_PrefabAsset: {fileID: 0}
  m_GameObject: {fileID: 2203087706010826956}
  m_Enabled: 1
  m_EditorHideFlags: 0
  m_Script: {fileID: 11500000, guid: fe87c0e1cc204ed48ad3b37840f39efc, type: 3}
  m_Name: 
  m_EditorClassIdentifier: 
  m_Material: {fileID: 0}
  m_Color: {r: 0.16078432, g: 0.63529414, b: 1, a: 1}
  m_RaycastTarget: 1
  m_OnCullStateChanged:
    m_PersistentCalls:
      m_Calls: []
  m_Sprite: {fileID: 21300000, guid: 2e1dc279f21b1d84fa615b877f948d1f, type: 3}
  m_Type: 3
  m_PreserveAspect: 1
  m_FillCenter: 1
  m_FillMethod: 4
  m_FillAmount: 0.69
  m_FillClockwise: 0
  m_FillOrigin: 0
  m_UseSpriteMesh: 0
  m_PixelsPerUnitMultiplier: 1
--- !u!1 &3736594062368110649
GameObject:
  m_ObjectHideFlags: 0
  m_CorrespondingSourceObject: {fileID: 0}
  m_PrefabInstance: {fileID: 0}
  m_PrefabAsset: {fileID: 0}
  serializedVersion: 6
  m_Component:
  - component: {fileID: 7503007557876003168}
  - component: {fileID: 6994516437675157135}
  m_Layer: 8
  m_Name: Ammo_Slider
  m_TagString: Untagged
  m_Icon: {fileID: 0}
  m_NavMeshLayer: 0
  m_StaticEditorFlags: 0
  m_IsActive: 1
--- !u!224 &7503007557876003168
RectTransform:
  m_ObjectHideFlags: 0
  m_CorrespondingSourceObject: {fileID: 0}
  m_PrefabInstance: {fileID: 0}
  m_PrefabAsset: {fileID: 0}
  m_GameObject: {fileID: 3736594062368110649}
  m_LocalRotation: {x: 0, y: 0, z: 0, w: 1}
  m_LocalPosition: {x: 0, y: 0, z: 0}
  m_LocalScale: {x: 1, y: 1, z: 1}
  m_Children:
  - {fileID: 2110755160930571226}
  - {fileID: 1457639490105668245}
  - {fileID: 7777789391827848912}
  m_Father: {fileID: 5132452712864151825}
  m_RootOrder: 0
  m_LocalEulerAnglesHint: {x: 0, y: 0, z: 0}
  m_AnchorMin: {x: 0, y: 0}
  m_AnchorMax: {x: 1, y: 1}
  m_AnchoredPosition: {x: 0, y: 0}
  m_SizeDelta: {x: 0, y: 0}
  m_Pivot: {x: 0.5, y: 0.5}
--- !u!114 &6994516437675157135
MonoBehaviour:
  m_ObjectHideFlags: 0
  m_CorrespondingSourceObject: {fileID: 0}
  m_PrefabInstance: {fileID: 0}
  m_PrefabAsset: {fileID: 0}
  m_GameObject: {fileID: 3736594062368110649}
  m_Enabled: 1
  m_EditorHideFlags: 0
  m_Script: {fileID: 11500000, guid: 67db9e8f0e2ae9c40bc1e2b64352a6b4, type: 3}
  m_Name: 
  m_EditorClassIdentifier: 
  m_Navigation:
    m_Mode: 3
    m_SelectOnUp: {fileID: 0}
    m_SelectOnDown: {fileID: 0}
    m_SelectOnLeft: {fileID: 0}
    m_SelectOnRight: {fileID: 0}
  m_Transition: 1
  m_Colors:
    m_NormalColor: {r: 0.8584906, g: 0.07289073, b: 0.07289073, a: 1}
    m_HighlightedColor: {r: 0.9607843, g: 0.9607843, b: 0.9607843, a: 1}
    m_PressedColor: {r: 0.78431374, g: 0.78431374, b: 0.78431374, a: 1}
    m_SelectedColor: {r: 0.9607843, g: 0.9607843, b: 0.9607843, a: 1}
    m_DisabledColor: {r: 0.78431374, g: 0.78431374, b: 0.78431374, a: 0.5019608}
    m_ColorMultiplier: 1
    m_FadeDuration: 0.1
  m_SpriteState:
    m_HighlightedSprite: {fileID: 0}
    m_PressedSprite: {fileID: 0}
    m_SelectedSprite: {fileID: 0}
    m_DisabledSprite: {fileID: 0}
  m_AnimationTriggers:
    m_NormalTrigger: Normal
    m_HighlightedTrigger: Highlighted
    m_PressedTrigger: Pressed
    m_SelectedTrigger: Selected
    m_DisabledTrigger: Disabled
  m_Interactable: 1
  m_TargetGraphic: {fileID: 9016809945174887644}
  m_FillRect: {fileID: 6750677735682484312}
  m_HandleRect: {fileID: 5158879506643687033}
  m_Direction: 0
  m_MinValue: 0
  m_MaxValue: 100
  m_WholeNumbers: 0
  m_Value: 69
  m_OnValueChanged:
    m_PersistentCalls:
      m_Calls: []
--- !u!1 &4849281166260005452
GameObject:
  m_ObjectHideFlags: 0
  m_CorrespondingSourceObject: {fileID: 0}
  m_PrefabInstance: {fileID: 0}
  m_PrefabAsset: {fileID: 0}
  serializedVersion: 6
  m_Component:
  - component: {fileID: 1492683130381422201}
  - component: {fileID: 2858093953456626429}
  - component: {fileID: 7095786762760765383}
  m_Layer: 8
  m_Name: BulletIcon
  m_TagString: Untagged
  m_Icon: {fileID: 0}
  m_NavMeshLayer: 0
  m_StaticEditorFlags: 0
  m_IsActive: 1
--- !u!224 &1492683130381422201
RectTransform:
  m_ObjectHideFlags: 0
  m_CorrespondingSourceObject: {fileID: 0}
  m_PrefabInstance: {fileID: 0}
  m_PrefabAsset: {fileID: 0}
  m_GameObject: {fileID: 4849281166260005452}
  m_LocalRotation: {x: 0, y: 0, z: 0, w: 1}
  m_LocalPosition: {x: 0, y: 0, z: 0}
  m_LocalScale: {x: 1, y: 1, z: 1}
  m_Children: []
  m_Father: {fileID: 5132452712864151825}
  m_RootOrder: 1
  m_LocalEulerAnglesHint: {x: 0, y: 0, z: 0}
  m_AnchorMin: {x: 1.1, y: 0.4}
  m_AnchorMax: {x: 1.3, y: 0.6}
  m_AnchoredPosition: {x: 0, y: 0}
  m_SizeDelta: {x: 0, y: 0}
  m_Pivot: {x: 0.5, y: 0.5}
--- !u!222 &2858093953456626429
CanvasRenderer:
  m_ObjectHideFlags: 0
  m_CorrespondingSourceObject: {fileID: 0}
  m_PrefabInstance: {fileID: 0}
  m_PrefabAsset: {fileID: 0}
  m_GameObject: {fileID: 4849281166260005452}
  m_CullTransparentMesh: 0
--- !u!114 &7095786762760765383
MonoBehaviour:
  m_ObjectHideFlags: 0
  m_CorrespondingSourceObject: {fileID: 0}
  m_PrefabInstance: {fileID: 0}
  m_PrefabAsset: {fileID: 0}
  m_GameObject: {fileID: 4849281166260005452}
  m_Enabled: 1
  m_EditorHideFlags: 0
  m_Script: {fileID: 11500000, guid: fe87c0e1cc204ed48ad3b37840f39efc, type: 3}
  m_Name: 
  m_EditorClassIdentifier: 
  m_Material: {fileID: 0}
  m_Color: {r: 0.16078432, g: 0.63529414, b: 1, a: 1}
  m_RaycastTarget: 1
  m_OnCullStateChanged:
    m_PersistentCalls:
      m_Calls: []
  m_Sprite: {fileID: 21300000, guid: 565c5b6022cc8a04a842ee6e445c08ba, type: 3}
  m_Type: 0
  m_PreserveAspect: 0
  m_FillCenter: 1
  m_FillMethod: 4
  m_FillAmount: 1
  m_FillClockwise: 1
  m_FillOrigin: 0
  m_UseSpriteMesh: 0
  m_PixelsPerUnitMultiplier: 1
--- !u!1 &6036719651162642848
GameObject:
  m_ObjectHideFlags: 0
  m_CorrespondingSourceObject: {fileID: 0}
  m_PrefabInstance: {fileID: 0}
  m_PrefabAsset: {fileID: 0}
  serializedVersion: 6
  m_Component:
  - component: {fileID: 2110755160930571226}
  - component: {fileID: 5895796053476550278}
  - component: {fileID: 3556522845084500829}
  m_Layer: 8
  m_Name: Background
  m_TagString: Untagged
  m_Icon: {fileID: 0}
  m_NavMeshLayer: 0
  m_StaticEditorFlags: 0
  m_IsActive: 1
--- !u!224 &2110755160930571226
RectTransform:
  m_ObjectHideFlags: 0
  m_CorrespondingSourceObject: {fileID: 0}
  m_PrefabInstance: {fileID: 0}
  m_PrefabAsset: {fileID: 0}
  m_GameObject: {fileID: 6036719651162642848}
  m_LocalRotation: {x: -0, y: -0, z: -0, w: 1}
  m_LocalPosition: {x: 0, y: 0, z: 0}
  m_LocalScale: {x: 1, y: 1, z: 1}
  m_Children: []
  m_Father: {fileID: 7503007557876003168}
  m_RootOrder: 0
  m_LocalEulerAnglesHint: {x: 0, y: 0, z: 0}
  m_AnchorMin: {x: 0, y: 0}
  m_AnchorMax: {x: 1, y: 1}
  m_AnchoredPosition: {x: 0, y: 0}
  m_SizeDelta: {x: 0, y: 0}
  m_Pivot: {x: 0.5, y: 0.5}
--- !u!222 &5895796053476550278
CanvasRenderer:
  m_ObjectHideFlags: 0
  m_CorrespondingSourceObject: {fileID: 0}
  m_PrefabInstance: {fileID: 0}
  m_PrefabAsset: {fileID: 0}
  m_GameObject: {fileID: 6036719651162642848}
  m_CullTransparentMesh: 0
--- !u!114 &3556522845084500829
MonoBehaviour:
  m_ObjectHideFlags: 0
  m_CorrespondingSourceObject: {fileID: 0}
  m_PrefabInstance: {fileID: 0}
  m_PrefabAsset: {fileID: 0}
  m_GameObject: {fileID: 6036719651162642848}
  m_Enabled: 1
  m_EditorHideFlags: 0
  m_Script: {fileID: 11500000, guid: fe87c0e1cc204ed48ad3b37840f39efc, type: 3}
  m_Name: 
  m_EditorClassIdentifier: 
  m_Material: {fileID: 0}
  m_Color: {r: 0.16078432, g: 0.63529414, b: 1, a: 0.39215687}
  m_RaycastTarget: 1
  m_OnCullStateChanged:
    m_PersistentCalls:
      m_Calls: []
  m_Sprite: {fileID: 21300000, guid: 2e1dc279f21b1d84fa615b877f948d1f, type: 3}
  m_Type: 0
  m_PreserveAspect: 0
  m_FillCenter: 1
  m_FillMethod: 4
  m_FillAmount: 1
  m_FillClockwise: 1
  m_FillOrigin: 0
  m_UseSpriteMesh: 0
  m_PixelsPerUnitMultiplier: 1
--- !u!1 &7013786183101857913
GameObject:
  m_ObjectHideFlags: 0
  m_CorrespondingSourceObject: {fileID: 0}
  m_PrefabInstance: {fileID: 0}
  m_PrefabAsset: {fileID: 0}
  serializedVersion: 6
  m_Component:
  - component: {fileID: 5132452712864151825}
  - component: {fileID: 7390532709490336116}
  - component: {fileID: 2642447466779485965}
  - component: {fileID: 7413628606612859481}
  m_Layer: 8
  m_Name: Canvas
  m_TagString: Untagged
  m_Icon: {fileID: 0}
  m_NavMeshLayer: 0
  m_StaticEditorFlags: 0
  m_IsActive: 1
--- !u!224 &5132452712864151825
RectTransform:
  m_ObjectHideFlags: 0
  m_CorrespondingSourceObject: {fileID: 0}
  m_PrefabInstance: {fileID: 0}
  m_PrefabAsset: {fileID: 0}
  m_GameObject: {fileID: 7013786183101857913}
  m_LocalRotation: {x: 0.7071068, y: 0, z: 0, w: 0.7071068}
  m_LocalPosition: {x: 0, y: 0, z: 0}
  m_LocalScale: {x: 1.3333334, y: 1.3333334, z: 1.3333334}
  m_Children:
  - {fileID: 7503007557876003168}
  - {fileID: 1492683130381422201}
  m_Father: {fileID: 939335179}
  m_RootOrder: 2
  m_LocalEulerAnglesHint: {x: 90, y: 0, z: 0}
  m_AnchorMin: {x: 0, y: 0}
  m_AnchorMax: {x: 0, y: 0}
  m_AnchoredPosition: {x: 0, y: 0.5}
  m_SizeDelta: {x: 3, y: 3}
  m_Pivot: {x: 0.5, y: 0.5}
--- !u!223 &7390532709490336116
Canvas:
  m_ObjectHideFlags: 0
  m_CorrespondingSourceObject: {fileID: 0}
  m_PrefabInstance: {fileID: 0}
  m_PrefabAsset: {fileID: 0}
  m_GameObject: {fileID: 7013786183101857913}
  m_Enabled: 1
  serializedVersion: 3
  m_RenderMode: 2
  m_Camera: {fileID: 0}
  m_PlaneDistance: 100
  m_PixelPerfect: 0
  m_ReceivesEvents: 1
  m_OverrideSorting: 0
  m_OverridePixelPerfect: 0
  m_SortingBucketNormalizedSize: 0
  m_AdditionalShaderChannelsFlag: 0
  m_SortingLayerID: 0
  m_SortingOrder: 0
  m_TargetDisplay: 0
--- !u!114 &2642447466779485965
MonoBehaviour:
  m_ObjectHideFlags: 0
  m_CorrespondingSourceObject: {fileID: 0}
  m_PrefabInstance: {fileID: 0}
  m_PrefabAsset: {fileID: 0}
  m_GameObject: {fileID: 7013786183101857913}
  m_Enabled: 1
  m_EditorHideFlags: 0
  m_Script: {fileID: 11500000, guid: 0cd44c1031e13a943bb63640046fad76, type: 3}
  m_Name: 
  m_EditorClassIdentifier: 
  m_UiScaleMode: 0
  m_ReferencePixelsPerUnit: 100
  m_ScaleFactor: 1
  m_ReferenceResolution: {x: 800, y: 600}
  m_ScreenMatchMode: 0
  m_MatchWidthOrHeight: 0
  m_PhysicalUnit: 3
  m_FallbackScreenDPI: 96
  m_DefaultSpriteDPI: 96
  m_DynamicPixelsPerUnit: 1
--- !u!114 &7413628606612859481
MonoBehaviour:
  m_ObjectHideFlags: 0
  m_CorrespondingSourceObject: {fileID: 0}
  m_PrefabInstance: {fileID: 0}
  m_PrefabAsset: {fileID: 0}
  m_GameObject: {fileID: 7013786183101857913}
  m_Enabled: 1
  m_EditorHideFlags: 0
  m_Script: {fileID: 11500000, guid: dc42784cf147c0c48a680349fa168899, type: 3}
  m_Name: 
  m_EditorClassIdentifier: 
  m_IgnoreReversedGraphics: 1
  m_BlockingObjects: 0
  m_BlockingMask:
    serializedVersion: 2
    m_Bits: 4294967295
--- !u!1 &8168322709390857218
GameObject:
  m_ObjectHideFlags: 0
  m_CorrespondingSourceObject: {fileID: 0}
  m_PrefabInstance: {fileID: 0}
  m_PrefabAsset: {fileID: 0}
  serializedVersion: 6
  m_Component:
  - component: {fileID: 1457639490105668245}
  m_Layer: 8
  m_Name: Fill Area
  m_TagString: Untagged
  m_Icon: {fileID: 0}
  m_NavMeshLayer: 0
  m_StaticEditorFlags: 0
  m_IsActive: 1
--- !u!224 &1457639490105668245
RectTransform:
  m_ObjectHideFlags: 0
  m_CorrespondingSourceObject: {fileID: 0}
  m_PrefabInstance: {fileID: 0}
  m_PrefabAsset: {fileID: 0}
  m_GameObject: {fileID: 8168322709390857218}
  m_LocalRotation: {x: -0, y: -0, z: -0, w: 1}
  m_LocalPosition: {x: 0, y: 0, z: 0}
  m_LocalScale: {x: 1, y: 1, z: 1}
  m_Children:
  - {fileID: 6750677735682484312}
  m_Father: {fileID: 7503007557876003168}
  m_RootOrder: 1
  m_LocalEulerAnglesHint: {x: 0, y: 0, z: 0}
  m_AnchorMin: {x: 0, y: 0}
  m_AnchorMax: {x: 1, y: 1}
  m_AnchoredPosition: {x: 0, y: 0}
  m_SizeDelta: {x: 0, y: 0}
  m_Pivot: {x: 0.5, y: 0.5}
--- !u!1 &9031238414307520758
GameObject:
  m_ObjectHideFlags: 0
  m_CorrespondingSourceObject: {fileID: 0}
  m_PrefabInstance: {fileID: 0}
  m_PrefabAsset: {fileID: 0}
  serializedVersion: 6
  m_Component:
  - component: {fileID: 7777789391827848912}
  m_Layer: 8
  m_Name: Handle Slide Area
  m_TagString: Untagged
  m_Icon: {fileID: 0}
  m_NavMeshLayer: 0
  m_StaticEditorFlags: 0
  m_IsActive: 0
--- !u!224 &7777789391827848912
RectTransform:
  m_ObjectHideFlags: 0
  m_CorrespondingSourceObject: {fileID: 0}
  m_PrefabInstance: {fileID: 0}
  m_PrefabAsset: {fileID: 0}
  m_GameObject: {fileID: 9031238414307520758}
  m_LocalRotation: {x: -0, y: -0, z: -0, w: 1}
  m_LocalPosition: {x: 0, y: 0, z: 0}
  m_LocalScale: {x: 1, y: 1, z: 1}
  m_Children:
  - {fileID: 5158879506643687033}
  m_Father: {fileID: 7503007557876003168}
  m_RootOrder: 2
  m_LocalEulerAnglesHint: {x: 0, y: 0, z: 0}
  m_AnchorMin: {x: 0, y: 0}
  m_AnchorMax: {x: 1, y: 1}
  m_AnchoredPosition: {x: 0, y: 0}
  m_SizeDelta: {x: 0, y: 0}
  m_Pivot: {x: 0.5, y: 0.5}
--- !u!1001 &336607350068432768
PrefabInstance:
  m_ObjectHideFlags: 0
  serializedVersion: 2
  m_Modification:
    m_TransformParent: {fileID: 4223672298328841547}
    m_Modifications:
    - target: {fileID: 751207346228214498, guid: 375250e2a074cee48804eacd9cf8492b,
        type: 3}
      propertyPath: m_Name
      value: LaserParticleSystem
      objectReference: {fileID: 0}
    - target: {fileID: 751207346228214498, guid: 375250e2a074cee48804eacd9cf8492b,
        type: 3}
      propertyPath: m_IsActive
      value: 1
      objectReference: {fileID: 0}
    - target: {fileID: 751207346228214498, guid: 375250e2a074cee48804eacd9cf8492b,
        type: 3}
      propertyPath: m_Layer
      value: 8
      objectReference: {fileID: 0}
    - target: {fileID: 751207346228214556, guid: 375250e2a074cee48804eacd9cf8492b,
        type: 3}
      propertyPath: playOnAwake
      value: 0
      objectReference: {fileID: 0}
    - target: {fileID: 751207346228214557, guid: 375250e2a074cee48804eacd9cf8492b,
        type: 3}
      propertyPath: m_LocalPosition.x
      value: 0
      objectReference: {fileID: 0}
    - target: {fileID: 751207346228214557, guid: 375250e2a074cee48804eacd9cf8492b,
        type: 3}
      propertyPath: m_LocalPosition.y
      value: 0
      objectReference: {fileID: 0}
    - target: {fileID: 751207346228214557, guid: 375250e2a074cee48804eacd9cf8492b,
        type: 3}
      propertyPath: m_LocalPosition.z
      value: 0
      objectReference: {fileID: 0}
    - target: {fileID: 751207346228214557, guid: 375250e2a074cee48804eacd9cf8492b,
        type: 3}
      propertyPath: m_LocalRotation.x
      value: 0
      objectReference: {fileID: 0}
    - target: {fileID: 751207346228214557, guid: 375250e2a074cee48804eacd9cf8492b,
        type: 3}
      propertyPath: m_LocalRotation.y
      value: 0
      objectReference: {fileID: 0}
    - target: {fileID: 751207346228214557, guid: 375250e2a074cee48804eacd9cf8492b,
        type: 3}
      propertyPath: m_LocalRotation.z
      value: 0
      objectReference: {fileID: 0}
    - target: {fileID: 751207346228214557, guid: 375250e2a074cee48804eacd9cf8492b,
        type: 3}
      propertyPath: m_LocalRotation.w
      value: 1
      objectReference: {fileID: 0}
    - target: {fileID: 751207346228214557, guid: 375250e2a074cee48804eacd9cf8492b,
        type: 3}
      propertyPath: m_RootOrder
      value: 0
      objectReference: {fileID: 0}
    - target: {fileID: 751207346228214557, guid: 375250e2a074cee48804eacd9cf8492b,
        type: 3}
      propertyPath: m_LocalEulerAnglesHint.x
      value: 0
      objectReference: {fileID: 0}
    - target: {fileID: 751207346228214557, guid: 375250e2a074cee48804eacd9cf8492b,
        type: 3}
      propertyPath: m_LocalEulerAnglesHint.y
      value: 0
      objectReference: {fileID: 0}
    - target: {fileID: 751207346228214557, guid: 375250e2a074cee48804eacd9cf8492b,
        type: 3}
      propertyPath: m_LocalEulerAnglesHint.z
      value: 0
      objectReference: {fileID: 0}
    m_RemovedComponents: []
  m_SourcePrefab: {fileID: 100100000, guid: 375250e2a074cee48804eacd9cf8492b, type: 3}
--- !u!4 &1064834680454771869 stripped
Transform:
  m_CorrespondingSourceObject: {fileID: 751207346228214557, guid: 375250e2a074cee48804eacd9cf8492b,
    type: 3}
  m_PrefabInstance: {fileID: 336607350068432768}
  m_PrefabAsset: {fileID: 0}
--- !u!198 &1064834680454771868 stripped
ParticleSystem:
  m_CorrespondingSourceObject: {fileID: 751207346228214556, guid: 375250e2a074cee48804eacd9cf8492b,
    type: 3}
  m_PrefabInstance: {fileID: 336607350068432768}
  m_PrefabAsset: {fileID: 0}
--- !u!1001 &583164046818484579
PrefabInstance:
  m_ObjectHideFlags: 0
  serializedVersion: 2
  m_Modification:
    m_TransformParent: {fileID: 952783353}
    m_Modifications:
    - target: {fileID: -2920004022669694230, guid: 52cb10e8cd0e8fc418ad676941e61b6f,
        type: 3}
      propertyPath: layerName
      value: Enemy
      objectReference: {fileID: 0}
    - target: {fileID: 926798434203885443, guid: 52cb10e8cd0e8fc418ad676941e61b6f,
        type: 3}
      propertyPath: m_Mesh
      value: 
      objectReference: {fileID: 0}
    - target: {fileID: 2370959497524538376, guid: 52cb10e8cd0e8fc418ad676941e61b6f,
        type: 3}
      propertyPath: m_LocalPosition.x
      value: 0
      objectReference: {fileID: 0}
    - target: {fileID: 2370959497524538376, guid: 52cb10e8cd0e8fc418ad676941e61b6f,
        type: 3}
      propertyPath: m_LocalPosition.y
      value: -0.6
      objectReference: {fileID: 0}
    - target: {fileID: 2370959497524538376, guid: 52cb10e8cd0e8fc418ad676941e61b6f,
        type: 3}
      propertyPath: m_LocalPosition.z
      value: 7.26
      objectReference: {fileID: 0}
    - target: {fileID: 2370959497524538376, guid: 52cb10e8cd0e8fc418ad676941e61b6f,
        type: 3}
      propertyPath: m_LocalRotation.x
      value: 0
      objectReference: {fileID: 0}
    - target: {fileID: 2370959497524538376, guid: 52cb10e8cd0e8fc418ad676941e61b6f,
        type: 3}
      propertyPath: m_LocalRotation.y
      value: 0
      objectReference: {fileID: 0}
    - target: {fileID: 2370959497524538376, guid: 52cb10e8cd0e8fc418ad676941e61b6f,
        type: 3}
      propertyPath: m_LocalRotation.z
      value: 0
      objectReference: {fileID: 0}
    - target: {fileID: 2370959497524538376, guid: 52cb10e8cd0e8fc418ad676941e61b6f,
        type: 3}
      propertyPath: m_LocalRotation.w
      value: 1
      objectReference: {fileID: 0}
    - target: {fileID: 2370959497524538376, guid: 52cb10e8cd0e8fc418ad676941e61b6f,
        type: 3}
      propertyPath: m_RootOrder
      value: 1
      objectReference: {fileID: 0}
    - target: {fileID: 2370959497524538376, guid: 52cb10e8cd0e8fc418ad676941e61b6f,
        type: 3}
      propertyPath: m_LocalEulerAnglesHint.x
      value: -90
      objectReference: {fileID: 0}
    - target: {fileID: 2370959497524538376, guid: 52cb10e8cd0e8fc418ad676941e61b6f,
        type: 3}
      propertyPath: m_LocalEulerAnglesHint.y
      value: 0
      objectReference: {fileID: 0}
    - target: {fileID: 2370959497524538376, guid: 52cb10e8cd0e8fc418ad676941e61b6f,
        type: 3}
      propertyPath: m_LocalEulerAnglesHint.z
      value: 0
      objectReference: {fileID: 0}
    - target: {fileID: 2370959497524538376, guid: 52cb10e8cd0e8fc418ad676941e61b6f,
        type: 3}
      propertyPath: m_LocalScale.x
      value: 15
      objectReference: {fileID: 0}
    - target: {fileID: 2370959497524538376, guid: 52cb10e8cd0e8fc418ad676941e61b6f,
        type: 3}
      propertyPath: m_LocalScale.z
      value: 10
      objectReference: {fileID: 0}
    - target: {fileID: 2370959497524538376, guid: 52cb10e8cd0e8fc418ad676941e61b6f,
        type: 3}
      propertyPath: m_LocalScale.y
      value: 0.5
      objectReference: {fileID: 0}
    - target: {fileID: 2702299863912856444, guid: 52cb10e8cd0e8fc418ad676941e61b6f,
        type: 3}
      propertyPath: m_Mesh
      value: 
      objectReference: {fileID: 0}
    - target: {fileID: 3736139246832807174, guid: 52cb10e8cd0e8fc418ad676941e61b6f,
        type: 3}
      propertyPath: m_CastShadows
      value: 0
      objectReference: {fileID: 0}
    - target: {fileID: 3736139246832807174, guid: 52cb10e8cd0e8fc418ad676941e61b6f,
        type: 3}
      propertyPath: m_ReceiveShadows
      value: 0
      objectReference: {fileID: 0}
    - target: {fileID: 3736139246832807174, guid: 52cb10e8cd0e8fc418ad676941e61b6f,
        type: 3}
      propertyPath: m_DynamicOccludee
      value: 0
      objectReference: {fileID: 0}
    - target: {fileID: 6702272932067369188, guid: 52cb10e8cd0e8fc418ad676941e61b6f,
        type: 3}
      propertyPath: m_Name
      value: PrismFOV
      objectReference: {fileID: 0}
    - target: {fileID: 6702272932067369188, guid: 52cb10e8cd0e8fc418ad676941e61b6f,
        type: 3}
      propertyPath: m_Layer
      value: 11
      objectReference: {fileID: 0}
    - target: {fileID: 6702272932067369188, guid: 52cb10e8cd0e8fc418ad676941e61b6f,
        type: 3}
      propertyPath: m_IsActive
      value: 1
      objectReference: {fileID: 0}
    m_RemovedComponents: []
  m_SourcePrefab: {fileID: 100100000, guid: 52cb10e8cd0e8fc418ad676941e61b6f, type: 3}
--- !u!114 &6876397756029242249 stripped
MonoBehaviour:
  m_CorrespondingSourceObject: {fileID: -2920004022669694230, guid: 52cb10e8cd0e8fc418ad676941e61b6f,
    type: 3}
  m_PrefabInstance: {fileID: 583164046818484579}
  m_PrefabAsset: {fileID: 0}
  m_GameObject: {fileID: 0}
  m_Enabled: 1
  m_EditorHideFlags: 0
  m_Script: {fileID: 11500000, guid: 22df0057f235aad4a8bf7016db6f0141, type: 3}
  m_Name: 
  m_EditorClassIdentifier: 
--- !u!4 &2950006763420437867 stripped
Transform:
  m_CorrespondingSourceObject: {fileID: 2370959497524538376, guid: 52cb10e8cd0e8fc418ad676941e61b6f,
    type: 3}
  m_PrefabInstance: {fileID: 583164046818484579}
  m_PrefabAsset: {fileID: 0}
