%YAML 1.1
%TAG !u! tag:unity3d.com,2011:
--- !u!1 &5911488194006426251
GameObject:
  m_ObjectHideFlags: 0
  m_CorrespondingSourceObject: {fileID: 0}
  m_PrefabInstance: {fileID: 0}
  m_PrefabAsset: {fileID: 0}
  serializedVersion: 6
  m_Component:
  - component: {fileID: 6542889192082108900}
  - component: {fileID: 7946360576014875886}
  - component: {fileID: 3201867302803263969}
  m_Layer: 5
  m_Name: TutorialPanel
  m_TagString: Untagged
  m_Icon: {fileID: 0}
  m_NavMeshLayer: 0
  m_StaticEditorFlags: 0
  m_IsActive: 1
--- !u!224 &6542889192082108900
RectTransform:
  m_ObjectHideFlags: 0
  m_CorrespondingSourceObject: {fileID: 0}
  m_PrefabInstance: {fileID: 0}
  m_PrefabAsset: {fileID: 0}
  m_GameObject: {fileID: 5911488194006426251}
  m_LocalRotation: {x: -0, y: -0, z: -0, w: 1}
  m_LocalPosition: {x: 0, y: 0, z: 0}
  m_LocalScale: {x: 1, y: 1, z: 1}
  m_Children:
  - {fileID: 5054867697252404995}
  - {fileID: 2418831742722508451}
  m_Father: {fileID: 0}
  m_RootOrder: 0
  m_LocalEulerAnglesHint: {x: 0, y: 0, z: 0}
  m_AnchorMin: {x: 0, y: 0}
  m_AnchorMax: {x: 1, y: 1}
  m_AnchoredPosition: {x: 0, y: 0}
  m_SizeDelta: {x: 1820, y: 980}
  m_Pivot: {x: 0.5, y: 0.5}
--- !u!222 &7946360576014875886
CanvasRenderer:
  m_ObjectHideFlags: 0
  m_CorrespondingSourceObject: {fileID: 0}
  m_PrefabInstance: {fileID: 0}
  m_PrefabAsset: {fileID: 0}
  m_GameObject: {fileID: 5911488194006426251}
  m_CullTransparentMesh: 0
--- !u!114 &3201867302803263969
MonoBehaviour:
  m_ObjectHideFlags: 0
  m_CorrespondingSourceObject: {fileID: 0}
  m_PrefabInstance: {fileID: 0}
  m_PrefabAsset: {fileID: 0}
  m_GameObject: {fileID: 5911488194006426251}
  m_Enabled: 1
  m_EditorHideFlags: 0
  m_Script: {fileID: 11500000, guid: fe87c0e1cc204ed48ad3b37840f39efc, type: 3}
  m_Name: 
  m_EditorClassIdentifier: 
  m_Material: {fileID: 0}
  m_Color: {r: 1, g: 1, b: 1, a: 0}
  m_RaycastTarget: 1
  m_OnCullStateChanged:
    m_PersistentCalls:
      m_Calls: []
  m_Sprite: {fileID: 0}
  m_Type: 1
  m_PreserveAspect: 0
  m_FillCenter: 1
  m_FillMethod: 4
  m_FillAmount: 1
  m_FillClockwise: 1
  m_FillOrigin: 0
  m_UseSpriteMesh: 0
  m_PixelsPerUnitMultiplier: 1
--- !u!1 &6464257622245335808
GameObject:
  m_ObjectHideFlags: 0
  m_CorrespondingSourceObject: {fileID: 0}
  m_PrefabInstance: {fileID: 0}
  m_PrefabAsset: {fileID: 0}
  serializedVersion: 6
  m_Component:
  - component: {fileID: 4145799540619791261}
  - component: {fileID: 8367677491589486776}
  - component: {fileID: 4538295020793345319}
  m_Layer: 5
  m_Name: TMP SubMeshUI [TextMeshPro/Sprite]
  m_TagString: Untagged
  m_Icon: {fileID: 0}
  m_NavMeshLayer: 0
  m_StaticEditorFlags: 0
  m_IsActive: 1
--- !u!224 &4145799540619791261
RectTransform:
  m_ObjectHideFlags: 0
  m_CorrespondingSourceObject: {fileID: 0}
  m_PrefabInstance: {fileID: 0}
  m_PrefabAsset: {fileID: 0}
  m_GameObject: {fileID: 6464257622245335808}
  m_LocalRotation: {x: 0, y: 0, z: 0, w: 1}
  m_LocalPosition: {x: 0, y: 0, z: 0}
  m_LocalScale: {x: 1, y: 1, z: 1}
  m_Children: []
  m_Father: {fileID: 5054867699043376068}
  m_RootOrder: 0
  m_LocalEulerAnglesHint: {x: 0, y: 0, z: 0}
  m_AnchorMin: {x: 0, y: 0}
  m_AnchorMax: {x: 1, y: 1}
  m_AnchoredPosition: {x: 0, y: 0}
  m_SizeDelta: {x: 0, y: 0}
  m_Pivot: {x: 0.5, y: 0.5}
--- !u!222 &8367677491589486776
CanvasRenderer:
  m_ObjectHideFlags: 0
  m_CorrespondingSourceObject: {fileID: 0}
  m_PrefabInstance: {fileID: 0}
  m_PrefabAsset: {fileID: 0}
  m_GameObject: {fileID: 6464257622245335808}
  m_CullTransparentMesh: 0
--- !u!114 &4538295020793345319
MonoBehaviour:
  m_ObjectHideFlags: 0
  m_CorrespondingSourceObject: {fileID: 0}
  m_PrefabInstance: {fileID: 0}
  m_PrefabAsset: {fileID: 0}
  m_GameObject: {fileID: 6464257622245335808}
  m_Enabled: 1
  m_EditorHideFlags: 0
  m_Script: {fileID: 11500000, guid: 058cba836c1846c3aa1c5fd2e28aea77, type: 3}
  m_Name: 
  m_EditorClassIdentifier: 
  m_Material: {fileID: 3290941731990852504, guid: 50e2e882f227e7a4f944e9e344074aa1,
    type: 2}
  m_Color: {r: 1, g: 1, b: 1, a: 1}
  m_RaycastTarget: 1
  m_OnCullStateChanged:
    m_PersistentCalls:
      m_Calls: []
  m_fontAsset: {fileID: 11400000, guid: 8f586378b4e144a9851e7b34d9b748ee, type: 2}
  m_spriteAsset: {fileID: 11400000, guid: 50e2e882f227e7a4f944e9e344074aa1, type: 2}
  m_material: {fileID: 0}
  m_sharedMaterial: {fileID: 3290941731990852504, guid: 50e2e882f227e7a4f944e9e344074aa1,
    type: 2}
  m_isDefaultMaterial: 1
  m_padding: 0
  m_canvasRenderer: {fileID: 8367677491589486776}
  m_TextComponent: {fileID: 5054867699043376069}
  m_materialReferenceIndex: 1
--- !u!1001 &4186414171447980007
PrefabInstance:
  m_ObjectHideFlags: 0
  serializedVersion: 2
  m_Modification:
    m_TransformParent: {fileID: 6542889192082108900}
    m_Modifications:
    - target: {fileID: 1983918261090871620, guid: 54f09cd5afd1fb54293118a37f4a88a8,
        type: 3}
      propertyPath: m_LocalPosition.x
      value: 0
      objectReference: {fileID: 0}
    - target: {fileID: 1983918261090871620, guid: 54f09cd5afd1fb54293118a37f4a88a8,
        type: 3}
      propertyPath: m_LocalPosition.y
      value: 0
      objectReference: {fileID: 0}
    - target: {fileID: 1983918261090871620, guid: 54f09cd5afd1fb54293118a37f4a88a8,
        type: 3}
      propertyPath: m_LocalPosition.z
      value: 0
      objectReference: {fileID: 0}
    - target: {fileID: 1983918261090871620, guid: 54f09cd5afd1fb54293118a37f4a88a8,
        type: 3}
      propertyPath: m_LocalRotation.x
      value: -0
      objectReference: {fileID: 0}
    - target: {fileID: 1983918261090871620, guid: 54f09cd5afd1fb54293118a37f4a88a8,
        type: 3}
      propertyPath: m_LocalRotation.y
      value: -0
      objectReference: {fileID: 0}
    - target: {fileID: 1983918261090871620, guid: 54f09cd5afd1fb54293118a37f4a88a8,
        type: 3}
      propertyPath: m_LocalRotation.z
      value: -0
      objectReference: {fileID: 0}
    - target: {fileID: 1983918261090871620, guid: 54f09cd5afd1fb54293118a37f4a88a8,
        type: 3}
      propertyPath: m_LocalRotation.w
      value: 1
      objectReference: {fileID: 0}
    - target: {fileID: 1983918261090871620, guid: 54f09cd5afd1fb54293118a37f4a88a8,
        type: 3}
      propertyPath: m_RootOrder
      value: 1
      objectReference: {fileID: 0}
    - target: {fileID: 1983918261090871620, guid: 54f09cd5afd1fb54293118a37f4a88a8,
        type: 3}
      propertyPath: m_LocalEulerAnglesHint.x
      value: 0
      objectReference: {fileID: 0}
    - target: {fileID: 1983918261090871620, guid: 54f09cd5afd1fb54293118a37f4a88a8,
        type: 3}
      propertyPath: m_LocalEulerAnglesHint.y
      value: 0
      objectReference: {fileID: 0}
    - target: {fileID: 1983918261090871620, guid: 54f09cd5afd1fb54293118a37f4a88a8,
        type: 3}
      propertyPath: m_LocalEulerAnglesHint.z
      value: 0
      objectReference: {fileID: 0}
    - target: {fileID: 1983918261090871620, guid: 54f09cd5afd1fb54293118a37f4a88a8,
        type: 3}
      propertyPath: m_AnchoredPosition.x
      value: 0
      objectReference: {fileID: 0}
    - target: {fileID: 1983918261090871620, guid: 54f09cd5afd1fb54293118a37f4a88a8,
        type: 3}
      propertyPath: m_SizeDelta.x
      value: 150
      objectReference: {fileID: 0}
    - target: {fileID: 1983918261090871620, guid: 54f09cd5afd1fb54293118a37f4a88a8,
        type: 3}
      propertyPath: m_SizeDelta.y
      value: 150
      objectReference: {fileID: 0}
    - target: {fileID: 1983918261090871620, guid: 54f09cd5afd1fb54293118a37f4a88a8,
        type: 3}
      propertyPath: m_AnchorMin.x
      value: 0.5
      objectReference: {fileID: 0}
    - target: {fileID: 1983918261090871620, guid: 54f09cd5afd1fb54293118a37f4a88a8,
        type: 3}
      propertyPath: m_AnchorMin.y
      value: 0.5
      objectReference: {fileID: 0}
    - target: {fileID: 1983918261090871620, guid: 54f09cd5afd1fb54293118a37f4a88a8,
        type: 3}
      propertyPath: m_AnchorMax.x
      value: 0.5
      objectReference: {fileID: 0}
    - target: {fileID: 1983918261090871620, guid: 54f09cd5afd1fb54293118a37f4a88a8,
        type: 3}
      propertyPath: m_AnchorMax.y
      value: 0.5
      objectReference: {fileID: 0}
    - target: {fileID: 1983918261090871620, guid: 54f09cd5afd1fb54293118a37f4a88a8,
        type: 3}
      propertyPath: m_Pivot.x
      value: 0.5
      objectReference: {fileID: 0}
    - target: {fileID: 1983918261090871620, guid: 54f09cd5afd1fb54293118a37f4a88a8,
        type: 3}
      propertyPath: m_Pivot.y
      value: 0.5
      objectReference: {fileID: 0}
    - target: {fileID: 1983918261090871621, guid: 54f09cd5afd1fb54293118a37f4a88a8,
        type: 3}
      propertyPath: m_Name
      value: StartButton
      objectReference: {fileID: 0}
    - target: {fileID: 1983918261090871625, guid: 54f09cd5afd1fb54293118a37f4a88a8,
        type: 3}
      propertyPath: m_OnClick.m_PersistentCalls.m_Calls.Array.size
      value: 1
      objectReference: {fileID: 0}
    - target: {fileID: 1983918261090871625, guid: 54f09cd5afd1fb54293118a37f4a88a8,
        type: 3}
      propertyPath: m_OnClick.m_PersistentCalls.m_Calls.Array.data[0].m_MethodName
      value: OnClick
      objectReference: {fileID: 0}
    - target: {fileID: 1983918261090871625, guid: 54f09cd5afd1fb54293118a37f4a88a8,
        type: 3}
      propertyPath: m_OnClick.m_PersistentCalls.m_Calls.Array.data[1].m_Mode
      value: 1
      objectReference: {fileID: 0}
    - target: {fileID: 1983918261090871625, guid: 54f09cd5afd1fb54293118a37f4a88a8,
        type: 3}
      propertyPath: m_OnClick.m_PersistentCalls.m_Calls.Array.data[1].m_CallState
      value: 2
      objectReference: {fileID: 0}
    m_RemovedComponents: []
  m_SourcePrefab: {fileID: 100100000, guid: 54f09cd5afd1fb54293118a37f4a88a8, type: 3}
--- !u!224 &2418831742722508451 stripped
RectTransform:
  m_CorrespondingSourceObject: {fileID: 1983918261090871620, guid: 54f09cd5afd1fb54293118a37f4a88a8,
    type: 3}
  m_PrefabInstance: {fileID: 4186414171447980007}
  m_PrefabAsset: {fileID: 0}
--- !u!1001 &6225375175153543897
PrefabInstance:
  m_ObjectHideFlags: 0
  serializedVersion: 2
  m_Modification:
    m_TransformParent: {fileID: 6542889192082108900}
    m_Modifications:
    - target: {fileID: 1171647143490643418, guid: 19df985261564e64492fefc389a5ff14,
        type: 3}
      propertyPath: m_LocalPosition.x
      value: 0
      objectReference: {fileID: 0}
    - target: {fileID: 1171647143490643418, guid: 19df985261564e64492fefc389a5ff14,
        type: 3}
      propertyPath: m_LocalPosition.y
      value: 0
      objectReference: {fileID: 0}
    - target: {fileID: 1171647143490643418, guid: 19df985261564e64492fefc389a5ff14,
        type: 3}
      propertyPath: m_LocalPosition.z
      value: 0
      objectReference: {fileID: 0}
    - target: {fileID: 1171647143490643418, guid: 19df985261564e64492fefc389a5ff14,
        type: 3}
      propertyPath: m_LocalRotation.x
      value: -0
      objectReference: {fileID: 0}
    - target: {fileID: 1171647143490643418, guid: 19df985261564e64492fefc389a5ff14,
        type: 3}
      propertyPath: m_LocalRotation.y
      value: -0
      objectReference: {fileID: 0}
    - target: {fileID: 1171647143490643418, guid: 19df985261564e64492fefc389a5ff14,
        type: 3}
      propertyPath: m_LocalRotation.z
      value: -0
      objectReference: {fileID: 0}
    - target: {fileID: 1171647143490643418, guid: 19df985261564e64492fefc389a5ff14,
        type: 3}
      propertyPath: m_LocalRotation.w
      value: 1
      objectReference: {fileID: 0}
    - target: {fileID: 1171647143490643418, guid: 19df985261564e64492fefc389a5ff14,
        type: 3}
      propertyPath: m_RootOrder
      value: 0
      objectReference: {fileID: 0}
    - target: {fileID: 1171647143490643418, guid: 19df985261564e64492fefc389a5ff14,
        type: 3}
      propertyPath: m_LocalEulerAnglesHint.x
      value: 0
      objectReference: {fileID: 0}
    - target: {fileID: 1171647143490643418, guid: 19df985261564e64492fefc389a5ff14,
        type: 3}
      propertyPath: m_LocalEulerAnglesHint.y
      value: 0
      objectReference: {fileID: 0}
    - target: {fileID: 1171647143490643418, guid: 19df985261564e64492fefc389a5ff14,
        type: 3}
      propertyPath: m_LocalEulerAnglesHint.z
      value: 0
      objectReference: {fileID: 0}
    - target: {fileID: 1171647143490643418, guid: 19df985261564e64492fefc389a5ff14,
        type: 3}
      propertyPath: m_AnchoredPosition.x
      value: 0
      objectReference: {fileID: 0}
    - target: {fileID: 1171647143490643418, guid: 19df985261564e64492fefc389a5ff14,
        type: 3}
      propertyPath: m_AnchoredPosition.y
      value: -243
      objectReference: {fileID: 0}
    - target: {fileID: 1171647143490643418, guid: 19df985261564e64492fefc389a5ff14,
        type: 3}
      propertyPath: m_AnchorMin.x
      value: 0.5
      objectReference: {fileID: 0}
    - target: {fileID: 1171647143490643418, guid: 19df985261564e64492fefc389a5ff14,
        type: 3}
      propertyPath: m_AnchorMin.y
      value: 0.5
      objectReference: {fileID: 0}
    - target: {fileID: 1171647143490643418, guid: 19df985261564e64492fefc389a5ff14,
        type: 3}
      propertyPath: m_AnchorMax.x
      value: 0.5
      objectReference: {fileID: 0}
    - target: {fileID: 1171647143490643418, guid: 19df985261564e64492fefc389a5ff14,
        type: 3}
      propertyPath: m_AnchorMax.y
      value: 0.5
      objectReference: {fileID: 0}
    - target: {fileID: 1171647143490643418, guid: 19df985261564e64492fefc389a5ff14,
        type: 3}
      propertyPath: m_Pivot.x
      value: 0.5
      objectReference: {fileID: 0}
    - target: {fileID: 1171647143490643418, guid: 19df985261564e64492fefc389a5ff14,
        type: 3}
      propertyPath: m_Pivot.y
      value: 0.5
      objectReference: {fileID: 0}
    - target: {fileID: 1171647143490643419, guid: 19df985261564e64492fefc389a5ff14,
        type: 3}
      propertyPath: m_Name
      value: LowerText
      objectReference: {fileID: 0}
    - target: {fileID: 1171647145147396380, guid: 19df985261564e64492fefc389a5ff14,
        type: 3}
      propertyPath: m_text
      value: 
      objectReference: {fileID: 0}
    - target: {fileID: 1171647145147396380, guid: 19df985261564e64492fefc389a5ff14,
        type: 3}
      propertyPath: m_textInfo.characterCount
      value: 0
      objectReference: {fileID: 0}
    - target: {fileID: 1171647145147396380, guid: 19df985261564e64492fefc389a5ff14,
        type: 3}
      propertyPath: m_textInfo.spaceCount
      value: 0
      objectReference: {fileID: 0}
    - target: {fileID: 1171647145147396380, guid: 19df985261564e64492fefc389a5ff14,
        type: 3}
      propertyPath: m_textInfo.wordCount
      value: 0
      objectReference: {fileID: 0}
    - target: {fileID: 1171647145147396380, guid: 19df985261564e64492fefc389a5ff14,
        type: 3}
      propertyPath: m_textInfo.lineCount
      value: 0
      objectReference: {fileID: 0}
    - target: {fileID: 1171647145147396380, guid: 19df985261564e64492fefc389a5ff14,
        type: 3}
      propertyPath: m_textInfo.pageCount
      value: 0
      objectReference: {fileID: 0}
    - target: {fileID: 1171647145147396380, guid: 19df985261564e64492fefc389a5ff14,
        type: 3}
      propertyPath: m_textInfo.materialCount
      value: 1
      objectReference: {fileID: 0}
    - target: {fileID: 1171647145147396380, guid: 19df985261564e64492fefc389a5ff14,
        type: 3}
      propertyPath: m_subTextObjects.Array.data[1]
      value: 
      objectReference: {fileID: 4538295020793345319}
    - target: {fileID: 1171647145147396380, guid: 19df985261564e64492fefc389a5ff14,
        type: 3}
      propertyPath: m_spriteAsset
      value: 
      objectReference: {fileID: 11400000, guid: 50e2e882f227e7a4f944e9e344074aa1,
        type: 2}
    - target: {fileID: 1171647145147396380, guid: 19df985261564e64492fefc389a5ff14,
        type: 3}
      propertyPath: m_textAlignment
      value: 514
      objectReference: {fileID: 0}
    - target: {fileID: 1171647145147396380, guid: 19df985261564e64492fefc389a5ff14,
        type: 3}
      propertyPath: m_enableExtraPadding
      value: 0
      objectReference: {fileID: 0}
    - target: {fileID: 1171647145147396380, guid: 19df985261564e64492fefc389a5ff14,
        type: 3}
      propertyPath: checkPaddingRequired
      value: 0
      objectReference: {fileID: 0}
    m_RemovedComponents: []
  m_SourcePrefab: {fileID: 100100000, guid: 19df985261564e64492fefc389a5ff14, type: 3}
--- !u!224 &5054867697252404995 stripped
RectTransform:
  m_CorrespondingSourceObject: {fileID: 1171647143490643418, guid: 19df985261564e64492fefc389a5ff14,
    type: 3}
  m_PrefabInstance: {fileID: 6225375175153543897}
  m_PrefabAsset: {fileID: 0}
--- !u!224 &5054867699043376068 stripped
RectTransform:
  m_CorrespondingSourceObject: {fileID: 1171647145147396381, guid: 19df985261564e64492fefc389a5ff14,
    type: 3}
  m_PrefabInstance: {fileID: 6225375175153543897}
  m_PrefabAsset: {fileID: 0}
--- !u!114 &5054867699043376069 stripped
MonoBehaviour:
  m_CorrespondingSourceObject: {fileID: 1171647145147396380, guid: 19df985261564e64492fefc389a5ff14,
    type: 3}
  m_PrefabInstance: {fileID: 6225375175153543897}
  m_PrefabAsset: {fileID: 0}
  m_GameObject: {fileID: 0}
  m_Enabled: 1
  m_EditorHideFlags: 0
  m_Script: {fileID: 11500000, guid: f4688fdb7df04437aeb418b961361dc5, type: 3}
  m_Name: 
  m_EditorClassIdentifier: 
